<record><leader>01473cam a2200433 i 4500</leader><controlfield tag="001">6786632</controlfield><controlfield tag="003">OCoLC</controlfield><controlfield tag="005">20150107160942.0</controlfield><controlfield tag="008">140623t20152015nyua     b    001 0 eng  </controlfield><datafield ind1=" " ind2=" " tag="010"><subfield code="a">  2014016169</subfield></datafield><datafield ind1=" " ind2=" " tag="015"><subfield code="a">GBB490854</subfield><subfield code="2">bnb</subfield></datafield><datafield ind1=" " ind2=" " tag="015"><subfield code="a">GBB491619</subfield><subfield code="2">bnb</subfield></datafield><datafield ind1="7" ind2=" " tag="016"><subfield code="a">016839118</subfield><subfield code="2">Uk</subfield></datafield><datafield ind1="7" ind2=" " tag="016"><subfield code="a">016839884</subfield><subfield code="2">Uk</subfield></datafield><datafield ind1=" " ind2=" " tag="020"><subfield code="a">9781782384335 (hardback : alk. paper)</subfield></datafield><datafield ind1=" " ind2=" " tag="020"><subfield code="a">1782384332 (hardback : alk. paper)</subfield></datafield><datafield ind1=" " ind2=" " tag="020"><subfield code="z">9781782384342 (ebook)</subfield></datafield><datafield ind1=" " ind2=" " tag="035"><subfield code="a">ocn881660059</subfield></datafield><datafield ind1=" " ind2=" " tag="040"><subfield code="a">DLC</subfield><subfield code="b">eng</subfield><subfield code="e">rda</subfield><subfield code="c">DLC</subfield><subfield code="d">BTCTA</subfield><subfield code="d">OCLCF</subfield><subfield code="d">UKMGB</subfield><subfield code="d">YDXCP</subfield><subfield code="d">UAB</subfield></datafield><datafield ind1=" " ind2=" " tag="042"><subfield code="a">pcc</subfield></datafield><datafield ind1="0" ind2="0" tag="050"><subfield code="a">BD444</subfield><subfield code="b">.P69 2015</subfield></datafield><datafield ind1="0" ind2="0" tag="082"><subfield code="a">306.9</subfield><subfield code="2">23</subfield></datafield><datafield ind1=" " ind2=" " tag="090"><subfield code="a">BD 444 P69 2015</subfield><subfield code="b">AEU</subfield></datafield><datafield ind1="0" ind2="4" tag="245"><subfield code="a">The power of death :</subfield><subfield code="b">contemporary reflections on death in Western society /</subfield><subfield code="c">edited by Maria-Jos&#233; Blanco and Ricarda Vidal.</subfield></datafield><datafield ind1=" " ind2="1" tag="264"><subfield code="a">New York :</subfield><subfield code="b">Berghahn,</subfield><subfield code="c">2015.</subfield></datafield><datafield ind1=" " ind2="4" tag="264"><subfield code="c">&#169;2015</subfield></datafield><datafield ind1=" " ind2=" " tag="300"><subfield code="a">xii, 260 pages :</subfield><subfield code="b">illustrations ;</subfield><subfield code="c">24 cm</subfield></datafield><datafield ind1=" " ind2=" " tag="336"><subfield code="a">text</subfield><subfield code="b">txt</subfield><subfield code="2">rdacontent</subfield></datafield><datafield ind1=" " ind2=" " tag="337"><subfield code="a">unmediated</subfield><subfield code="b">n</subfield><subfield code="2">rdamedia</subfield></datafield><datafield ind1=" " ind2=" " tag="338"><subfield code="a">volume</subfield><subfield code="b">nc</subfield><subfield code="2">rdacarrier</subfield></datafield><datafield ind1=" " ind2=" " tag="504"><subfield code="a">Includes bibliographical references and index.</subfield></datafield><datafield ind1=" " ind2=" " tag="596"><subfield code="a">16</subfield></datafield><datafield ind1=" " ind2="0" tag="650"><subfield code="a">Death.</subfield></datafield><datafield ind1=" " ind2="0" tag="650"><subfield code="a">Death in literature.</subfield></datafield><datafield ind1=" " ind2="0" tag="650"><subfield code="a">Funeral rites and ceremonies.</subfield></datafield><datafield ind1="1" ind2=" " tag="700"><subfield code="a">Blanco, Maria-Jos&#233;,</subfield><subfield code="e">editor.</subfield></datafield><datafield ind1="1" ind2=" " tag="700"><subfield code="a">Vidal, Ricarda,</subfield><subfield code="e">editor.</subfield></datafield><datafield ind1=" " ind2=" " tag="949"><subfield code="a">BD 444 P69 2015</subfield><subfield code="c">1</subfield><subfield code="h">UAAU-B</subfield><subfield code="i">0162035224920</subfield></datafield><datafield ind1=" " ind2=" " tag="926"><subfield code="a">BD 444 P69 2015</subfield><subfield code="w">LC</subfield><subfield code="c">1</subfield><subfield code="i">0162035224920</subfield><subfield code="l">ON_SHELF</subfield><subfield code="m">UAAUG</subfield><subfield code="p">$150.00</subfield><subfield code="r">Y</subfield><subfield code="s">Y</subfield><subfield code="t">BOOK</subfield><subfield code="u">1/21/2015</subfield></datafield></record>